@Book{1984pollardConvergenceStochasticProcesses,
  title = {Convergence of Stochastic Processes},
  author = {Pollard, David},
  series = {Springer Series in Statistics},
  date = {1984},
  publisher = {Springer New York}
}

@Book{2023vandervaartWeakConvergenceEmpirical,
  title = {Weak Convergence and Empirical Processes: With Applications to Statistics},
  author = {{van der Vaart}, Aad and Wellner, Jon},
  series = {Springer Series in Statistics},
  date = {2023},
  publisher = {Springer New York},
  edition = {2}
}
